@article{1,
  title={2019 年中国胃癌流行病学趋势分析},
  author={曹毛毛 and 李贺 and 孙殿钦 and 何思怡 and 雷林 and 彭绩 and 陈万青},
  journal={中华消化外科杂志},
  volume={20},
  number={1},
  pages={102--109},
  year={2021}
}

@article{2,
  title={胃癌诊疗指南（2022年版）},
  author={{中华人民共和国国家卫生健康委员会医政医管局}},
  journal={中华消化外科杂志},
  volume={21},
  number={9},
  pages={1137--1164},
  year={2022}
}

@article{3,
  title={Global cancer statistics 2020: GLOBOCAN estimates of incidence and mortality worldwide for 36 cancers in 185 countries},
  author={Sung, Hyuna and Ferlay, Jacques and Siegel, Rebecca L and Laversanne, Mathieu and Soerjomataram, Isabelle and Jemal, Ahmedin and Bray, Freddie},
  journal={CA: a cancer journal for clinicians},
  volume={71},
  number={3},
  pages={209--249},
  year={2021},
  publisher={Wiley Online Library}
}

@article{4,
  title={The Chinese Society of Clinical Oncology (CSCO): Clinical guidelines for the diagnosis and treatment of gastric cancer, 2021},
  author={Wang, Feng-Hua and Zhang, Xiao-Tian and Li, Yuan-Fang and Tang, Lei and Qu, Xiu-Juan and Ying, Jie-Er and Zhang, Jun and Sun, Ling-Yu and Lin, Rong-Bo and Qiu, Hong and others},
  journal={Cancer Communications},
  volume={41},
  number={8},
  pages={747--795},
  year={2021},
  publisher={Wiley Online Library}
}
@article{3,
  title={Global cancer statistics 2020: GLOBOCAN estimates of incidence and mortality worldwide for 36 cancers in 185 countries},
  author={Sung, Hyuna and Ferlay, Jacques and Siegel, Rebecca L and Laversanne, Mathieu and Soerjomataram, Isabelle and Jemal, Ahmedin and Bray, Freddie},
  journal={CA: a cancer journal for clinicians},
  volume={71},
  number={3},
  pages={209--249},
  year={2021},
  publisher={Wiley Online Library}
}

@article{4,
  title={The Chinese Society of Clinical Oncology (CSCO): Clinical guidelines for the diagnosis and treatment of gastric cancer, 2021},
  author={Wang, Feng-Hua and Zhang, Xiao-Tian and Li, Yuan-Fang and Tang, Lei and Qu, Xiu-Juan and Ying, Jie-Er and Zhang, Jun and Sun, Ling-Yu and Lin, Rong-Bo and Qiu, Hong and others},
  journal={Cancer Communications},
  volume={41},
  number={8},
  pages={747--795},
  year={2021},
  publisher={Wiley Online Library}
}

@article{5,
  title={CAR-T cell therapy: current limitations and potential strategies},
  author={Sterner, Robert C and Sterner, Rosalie M},
  journal={Blood cancer journal},
  volume={11},
  number={4},
  pages={69},
  year={2021},
  publisher={Nature Publishing Group UK London}
}

@article{6,
  title={Chimeric antigen receptor--modified T cells in chronic lymphoid leukemia},
  author={Porter, David L and Levine, Bruce L and Kalos, Michael and Bagg, Adam and June, Carl H},
  journal={New England Journal of Medicine},
  volume={365},
  number={8},
  pages={725--733},
  year={2011},
  publisher={Mass Medical Soc}
}

@article{7,
  title={Tight junction strand formation by claudin-10 isoforms and claudin-10a/-10b chimeras},
  author={Milatz, Susanne and Piontek, J{\"o}rg and Hempel, Caroline and Meoli, Luca and Grohe, Christoph and Fromm, Anja and Lee, In-Fah M and El-Athman, Rukeia and G{\"u}nzel, Dorothee},
  journal={Annals of the New York Academy of Sciences},
  volume={1405},
  number={1},
  pages={102--115},
  year={2017},
  publisher={Wiley Online Library}
}

@article{8,
  title={The structure and function of claudins, cell adhesion molecules at tight junctions},
  author={Tsukita, Shoichiro and Furuse, Mikio},
  journal={Annals of the New York Academy of Sciences},
  volume={915},
  number={1},
  pages={129--135},
  year={2000},
  publisher={Wiley Online Library}
}

@article{9,
  title={Down-regulation of the claudin-18 gene, identified through serial analysis of gene expression data analysis, in gastric cancer with an intestinal phenotype},
  author={Sanada, Y and Oue, N and Mitani, Y and Yoshida, K and Nakayama, H and Yasui, W},
  journal={The Journal of Pathology: A Journal of the Pathological Society of Great Britain and Ireland},
  volume={208},
  number={5},
  pages={633--642},
  year={2006},
  publisher={Wiley Online Library}
}

@article{10,
  title={Claudin-18 expression in oesophagogastric adenocarcinomas: a tissue microarray study of 523 molecularly profiled cases},
  author={Coati, Irene and Lotz, G{\'a}bor and Fanelli, Giuseppe Nicol{\`o} and Brignola, Stefano and Lanza, Cristiano and Cappellesso, Rocco and Pellino, Antonio and Pucciarelli, Salvatore and Spolverato, Gaya and Guzzardo, Vincenza and others},
  journal={British Journal of Cancer},
  volume={121},
  number={3},
  pages={257--263},
  year={2019},
  publisher={Nature Publishing Group UK London}
}

@article{11,
  title={Anti-claudin 18.2 antibody as new targeted therapy for advanced gastric cancer},
  author={Singh, Prabhsimranjot and Toom, Sudhamshi and Huang, Yiwu},
  journal={Journal of hematology \& oncology},
  volume={10},
  pages={1--5},
  year={2017},
  publisher={Springer}
}

@article{12,
  title={Claudin18. 2-specific chimeric antigen receptor engineered T cells for the treatment of gastric cancer},
  author={Jiang, Hua and Shi, Zhimin and Wang, Peng and Wang, Cong and Yang, Linlin and Du, Guoxiu and Zhang, Honghong and Shi, Bizhi and Jia, Jie and Li, Qixiang and others},
  journal={JNCI: Journal of the National Cancer Institute},
  volume={111},
  number={4},
  pages={409--418},
  year={2019},
  publisher={Oxford University Press}
}

@article{13,
  title={Claudin18. 2-specific CAR T cells in gastrointestinal cancers: phase 1 trial interim results},
  author={Qi, Changsong and Gong, Jifang and Li, Jian and Liu, Dan and Qin, Yanru and Ge, Sai and Zhang, Miao and Peng, Zhi and Zhou, Jun and Cao, Yanshuo and others},
  journal={Nature medicine},
  volume={28},
  number={6},
  pages={1189--1198},
  year={2022},
  publisher={Nature Publishing Group US New York}
}

@article{14,
  title={Functions of EpCAM in physiological processes and diseases},
  author={Huang, Li and Yang, Yanhong and Yang, Fei and Liu, Shaomin and Zhu, Ziqin and Lei, Zili and Guo, Jiao},
  journal={International journal of molecular medicine},
  volume={42},
  number={4},
  pages={1771--1785},
  year={2018},
  publisher={Spandidos Publications}
}

@article{15,
  title={Revisiting the roles of pro-metastatic EpCAM in cancer},
  author={Mohtar, M Aiman and Syafruddin, Saiful Effendi and Nasir, Siti Nurmi and Low, Teck Yew},
  journal={Biomolecules},
  volume={10},
  number={2},
  pages={255},
  year={2020},
  publisher={MDPI}
}

@article{16,
  title={Relationship between epithelial cell adhesion molecule (EpCAM) overexpression and gastric cancer patients: A systematic review and meta-analysis},
  author={Dai, Meng and Yuan, Fei and Fu, Cuiqun and Shen, Guodong and Hu, Shilian and Shen, Gan},
  journal={PloS one},
  volume={12},
  number={4},
  pages={e0175357},
  year={2017},
  publisher={Public Library of Science San Francisco, CA USA}
}

@article{17,
  title={Recent advances and discoveries in the mechanisms and functions of CAR T cells},
  author={Larson, Rebecca C and Maus, Marcela V},
  journal={Nature Reviews Cancer},
  volume={21},
  number={3},
  pages={145--161},
  year={2021},
  publisher={Nature Publishing Group UK London}
}

@article{18,
  title={Clinical pharmacology of tisagenlecleucel in B-cell acute lymphoblastic leukemia},
  author={Mueller, Karen Thudium and Waldron, Edward and Grupp, Stephan A and Levine, John E and Laetsch, Theodore W and Pulsipher, Michael A and Boyer, Michael W and August, Keith J and Hamilton, Jason and Awasthi, Rakesh and others},
  journal={Clinical cancer research},
  volume={24},
  number={24},
  pages={6175--6184},
  year={2018},
  publisher={AACR}
}

@article{19,
  title={Chimeric antigen receptor T-cell therapy—assessment and management of toxicities},
  author={Neelapu, Sattva S and Tummala, Sudhakar and Kebriaei, Partow and Wierda, William and Gutierrez, Cristina and Locke, Frederick L and Komanduri, Krishna V and Lin, Yi and Jain, Nitin and Daver, Naval and others},
  journal={Nature reviews Clinical oncology},
  volume={15},
  number={1},
  pages={47--62},
  year={2018},
  publisher={Nature Publishing Group}
}

@article{20,
  title={Kinetics and biomarkers of severe cytokine release syndrome after CD19 chimeric antigen receptor--modified T-cell therapy},
  author={Hay, Kevin A and Hanafi, La{\"\i}la-A{\"\i}cha and Li, Daniel and Gust, Juliane and Liles, W Conrad and Wurfel, Mark M and L{\'o}pez, Jos{\'e} A and Chen, Junmei and Chung, Dominic and Harju-Baker, Susanna and others},
  journal={Blood, The Journal of the American Society of Hematology},
  volume={130},
  number={21},
  pages={2295--2306},
  year={2017},
  publisher={American Society of Hematology Washington, DC}
}

@article{21,
  title={Neurotoxicity associated with CD19-targeted CAR-T cell therapies},
  author={Gust, Juliane and Taraseviciute, Agne and Turtle, Cameron J},
  journal={CNS drugs},
  volume={32},
  pages={1091--1101},
  year={2018},
  publisher={Springer}
}

@article{22,
  title={KIR-based inhibitory CARs overcome CAR-NK cell trogocytosis-mediated fratricide and tumor escape},
  author={Li, Ye and Basar, Rafet and Wang, Guohui and Liu, Enli and Moyes, Judy S and Li, Li and Kerbauy, Lucila N and Uprety, Nadima and Fathi, Mohsen and Rezvan, Ali and others},
  journal={Nature medicine},
  volume={28},
  number={10},
  pages={2133--2144},
  year={2022},
  publisher={Nature Publishing Group US New York}
}

@article{23,
  title={CAR T cell design: approaching the elusive AND-gate},
  author={Zhao, Zeguo and Sadelain, Michel},
  journal={Cell Research},
  pages={1--2},
  year={2023},
  publisher={Springer Nature Singapore Singapore}
}